%%% JOURNALS %%%

@String{AA = {Acta Acust.}}

@String{ApA = {Appl. Acust.}}

@String{AAUA = {Acta Acust. United Ac.}}

@String{AkustZ = {Akust. Z.}}

@String{AL = {Acoust. Lett.}}

@String{AnnStat = {Ann. Statist.}}

@String{AST = {Acoust. Sci. \& Tech.}}

@String{Auto = {Automatica}}

@String{Biometrics = {Biometrics}}

@String{BSTJ = {Bell Syst. Tech. J.}}

@String{CB = {Current Biology}}

@String{CC = {Cerebral Cortex}}

@String{CoCo = {Comput. Commun.}}

@String{CL = {IEEE Commun. Lett.}}

@String{DSP = {Digital Signal Process.}}

@String{EH = {Ear \& Hearing}}

@String{EL = {IEE Electronics Lett.}}

@String{FnTML = {Foundations and Trends in Machine Learning}}

@String{GJRAS = {Geophys. J. Roy. Astron. Soc.}}

@String{IEECon = {IEE Proc. Control Theory and Applications}}

@String{IEICETR = {IEICE Tech. Rep.}}

@String{IP = {Inverse Problems}}

@String{JACM = {J. Assoc. Comput. Machinery}}

@String{JAES = {J. Audio Eng. Soc.}}

@String{JAISE = {J. Ambient Intell. Smart Environments}}

@String{JASA = {J. Acoust. Soc. Amer.}}

@String{JASAEL = {JASA Express Lett.}}

@String{JASJ = {J. Acoust. Soc. Jpn.}}

@String{JASMP = {EURASIP J. Audio, Speech, Music Process.}} 

@String{JASN = {Journal of the Acoustical Society of the Netherlands}}

@String{JASP_old = {EURASIP J. Appl. Signal Process.}}

@String{JASP = {EURASIP J. Adv. Signal Process.}}

@String{JEPHPP = {J. Exp. Psychol. Hum. Percept. Perform.}}

@String{JFI = {J. Frankl. Inst.}}

@String{JOSAA = {J. Opt. Soc. Am. A}}

@String{JOTA = {J. Optimiz. Theory App.}}

@String{JRRD = {J. Rehab. Res. Dev.}}

@String{JSV = {J. Sound Vib.}}

@String{JWCN = {EURASIP J. Wireless Commun. Networking}} 

@String{LAA = {Linear Algebra and its Applications}}

@String{MM = {Microprocessors and Microsystems}}

@String{NC = {Neural Computation}}

@String{OVS = {Optometry \& Vision Science}}

@String{PB = {Psychol. Bull.}}

@String{Perception = {Perception}}

@String{PP = {Perception \& Psychophysics}}

@String{PRL = {Pattern Recogn. Lett.}}

@String{ProcIEE = {Proc. IEE}}

@String{ProcIEEE = {Proc. IEEE}}

@String{Radiology = {Radiology}}

@String{RE = {Radio Electronics}}

@String{RevGSP = {Rev. Geophys. Space Phys.}}

@String{SC = {Speech Commun.}}

@String{SCL = {Syst. Control Lett.}}

@String{SIAMJAM = {SIAM J. Appl. Math.}}

@String{SIAMJNA = {SIAM J. Numer. Anal.}}

@String{SIAMJSSC = {SIAM J. Sci. Stat. Comput.}}

@String{SIAMRev = {SIAM Review}} 

@String{SP = {Signal Processing}}

@String{SPL = {IEEE Signal Process. Lett.}}

@String{SPMag = {IEEE Signal Process. Mag.}}

@String{TransAC = {IEEE Trans. Autom. Control}}

@String{TransAP = {IEEE Trans. Antennas Propag.}}

@String{TransASLP = {IEEE Trans. Audio Speech Lang. Process.}}

@String{TransASLP_ACM = {IEEE/ACM Trans. Audio Speech Lang. Process.}}

@String{TransASSP = {IEEE Trans. Acoust., Speech, Signal Process.}}

@String{TransCE = {IEEE Trans. Consum. Electron.}}

@String{TransComm = {IEEE Trans. Commun.}}

@String{TransCS = {IEEE Trans. Circuits Syst.}}

@String{TransCSIIEB = {IEEE Trans. Circuits Syst. II, Exp. Briefs}}

@String{TransCSIIADSP = {IEEE Trans. Circuits Syst. II, Analog Digit. Signal Process.}}

@String{TransFund = {IEICE Trans. Fundamentals}}

@String{TransIM = {IEEE Trans. Instrumentation Measurement}}

@String{TransIT = {IEICE Trans. Inf. Theory}}

@String{TransMM = {IEEE Trans. Multimedia}}

@String{TransPDS = {IEEE Trans. Parallel Distrib. Syst.}}

@String{TransSAP = {IEEE Trans. Speech Audio Process.}}

@String{TransSP = {IEEE Trans. Signal Process.}}

@String{WPC = {Wireless Person. Commun.}}

%%% CONFERENCE PROCEEDINGS %%%

@String{ACC95 = {Proc. 1995 American Control Conf. (ACC '95)}}
@String{ACC97 = {Proc. 1997 American Control Conf. (ACC '97)}}

@String{AES17Conf = {Proc. AES 17th Int. Conf. High-Quality Audio Coding}}
@String{AES55Conf = {Proc. AES 55th Int. Conf. Spatial Audio}}
@String{AES60Conf = {Proc. AES 60th Int. Conf. Dereverberation and Reverberation of Audio, Music, and Speech}}

@String{AES67Conv = {Preprints AES 67th Convention}}
@String{AES90Conv = {Preprints AES 90th Convention}}
@String{AES93Conv = {Preprints AES 93rd Convention}}
@String{AES97Conv = {Preprints AES 97th Convention}}
@String{AES101Conv = {Preprints AES 101st Convention}}
@String{AES104Conv = {Preprints AES 104th Convention}}
@String{AES105Conv = {Preprints AES 105th Convention}}
@String{AES108Conv = {Preprints AES 108th Convention}}
@String{AES109Conv = {Preprints AES 109th Convention}}
@String{AES118Conv = {Preprints AES 118th Convention}}
@String{AES123Conv = {Preprints AES 123rd Convention}}
@String{AES126Conv = {Preprints AES 126th Convention}}
@String{AES127Conv = {Preprints AES 127th Convention}}
@String{AES128Conv = {Preprints AES 128th Convention}}

@String{APCC07 = {Proc. 2007 Asia-Pacific Conf. Commun. (APCC '07)}}

@String{APCCAS00 = {Proc. 2000 IEEE Asia-Pacific Conf. Circuits Syst. (APCCAS '00)}}

@String{ASA169 = {Abstracts 169th Meeting Acoust. Soc. Amer.}}
@String{ASA171 = {Abstracts 171st Meeting Acoust. Soc. Amer.}}

@String{Asilomar96 = {Conf. Rec. 30th Asilomar Conf. Signals, Syst. Computers}}
@String{Asilomar98 = {Conf. Rec. 32nd Asilomar Conf. Signals, Syst. Computers}}

@String{CAMSAP11 = {Proc. Int. Workshop Comput. Adv. Multi-Sensor Adaptive Process. (CAMSAP '11)}}

@String{CDC97 = {Proc. 36th IEEE Conf. Decision Control (CDC '97)}}
@String{CDC98 = {Proc. 37th IEEE Conf. Decision Control (CDC '98)}}
@String{CDC99 = {Proc. 38th IEEE Conf. Decision Control (CDC '99)}}
@String{CDC00 = {Proc. 39th IEEE Conf. Decision Control (CDC '00)}}
@String{CDC14 = {Proc. 53rd IEEE Conf. Decision Control (CDC '14)}}

@String{CCC16 = {Proc. 35th Chinese Control Conf.(CCC '16)}}

@String{DAFX99 = {Proc. 2nd COST G-6 Workshop Digital Audio Effects (DAFx '99)}}
@String{DAFX01 = {Proc. COST G-6 Conf. Digital Audio Effects (DAFx '01)}}
@String{DAFX02 = {Proc. 5th Int. Conf. Digital Audio Effects (DAFx '02)}}

@String{DSP07 = {Proc. 2007 IEEE Int. Conf. Digital Signal Process. (DSP '07)}}

@String{ECPLF15 = {Proc. 7th European Conf. Precision Livestock Farming (EC-PLF)}}

@String{ECSC03 = {4th Electron. Circuits Syst. Conf. (ECS '03)}}

@String{ECUMICT14 = {Abstracts ECUMICT 2014 Doctoral Symposium}}

@String{ERNSI03 = {Abstracts ERNSI Workshop System Idenfication 2003}}

@String{EUROCOMM00 = {IEEE/AFCEA Inform. Syst. for Enhanced Public Safety and Security (EUROCOMM '00)}}

@String{EURONOISE15 = {Proc. 10th European Congress \& Exposition Noise Control Eng. (EURONOISE '15)}}

@String{EUSIPCO80 = {Proc. 1st European Signal Process. Conf. (EUSIPCO '80)}}
@String{EUSIPCO83 = {Proc. 2nd European Signal Process. Conf. (EUSIPCO '83)}}
@String{EUSIPCO86 = {Proc. 3rd European Signal Process. Conf. (EUSIPCO '86)}}
@String{EUSIPCO88 = {Proc. 4th European Signal Process. Conf. (EUSIPCO '88)}}
@String{EUSIPCO90 = {Proc. 5th European Signal Process. Conf. (EUSIPCO '90)}}
@String{EUSIPCO92 = {Proc. 6th European Signal Process. Conf. (EUSIPCO '92)}}
@String{EUSIPCO94 = {Proc. 7th European Signal Process. Conf. (EUSIPCO '94)}}
@String{EUSIPCO96 = {Proc. 8th European Signal Process. Conf. (EUSIPCO '96)}}
@String{EUSIPCO98 = {Proc. 9th European Signal Process. Conf. (EUSIPCO '98)}}
@String{EUSIPCO00 = {Proc. 10th European Signal Process. Conf. (EUSIPCO '00)}}
@String{EUSIPCO02 = {Proc. 11th European Signal Process. Conf. (EUSIPCO '02)}}
@String{EUSIPCO04 = {Proc. 12th European Signal Process. Conf. (EUSIPCO '04)}}
@String{EUSIPCO05 = {Proc. 13th European Signal Process. Conf. (EUSIPCO '05)}}
@String{EUSIPCO06 = {Proc. 14th European Signal Process. Conf. (EUSIPCO '06)}}
@String{EUSIPCO07 = {Proc. 15th European Signal Process. Conf. (EUSIPCO '07)}}
@String{EUSIPCO08 = {Proc. 16th European Signal Process. Conf. (EUSIPCO '08)}}
@String{EUSIPCO09 = {Proc. 17th European Signal Process. Conf. (EUSIPCO '09)}}
@String{EUSIPCO10 = {Proc. 18th European Signal Process. Conf. (EUSIPCO '10)}}
@String{EUSIPCO11 = {Proc. 19th European Signal Process. Conf. (EUSIPCO '11)}}
@String{EUSIPCO12 = {Proc. 20th European Signal Process. Conf. (EUSIPCO '12)}}
@String{EUSIPCO13 = {Proc. 21st European Signal Process. Conf. (EUSIPCO '13)}}
@String{EUSIPCO14 = {Proc. 22nd European Signal Process. Conf. (EUSIPCO '14)}}
@String{EUSIPCO15 = {Proc. 23th European Signal Process. Conf. (EUSIPCO '15)}}
@String{EUSIPCO16 = {Proc. 24th European Signal Process. Conf. (EUSIPCO '16)}}
@String{EUSIPCO17 = {Proc. 25th European Signal Process. Conf. (EUSIPCO '17)}}
@String{EUSIPCO18 = {Proc. 26th European Signal Process. Conf. (EUSIPCO '18)}}
@String{EUSIPCO19 = {Proc. 27th European Signal Process. Conf. (EUSIPCO '19)}}
@String{EUSIPCO20 = {Proc. 28th European Signal Process. Conf. (EUSIPCO '20)}}
@String{EUSIPCO21 = {Proc. 29th European Signal Process. Conf. (EUSIPCO '21)}}
@String{EUSIPCO22 = {Proc. 30th European Signal Process. Conf. (EUSIPCO '22)}}

@String{FNMS10 = {Proc. Future Network \& Mobile Summit 2010}}
@String{FNMS12 = {Proc. Future Network \& Mobile Summit 2012}}

@String{GLOBALSIP14 = {Proc. 2014 IEEE Global Conf. Signal Inf. Process. (GlobalSIP '14)}}

@String{HSCMA11 = {Proc. 2011 Joint Workshop Hands-Free Speech Commun. Microphone Arrays (HSCMA '11)}}
@String{HSCMA14 = {Proc. 4th Joint Workshop Hands-Free Speech Commun. Microphone Arrays (HSCMA '14)}}

@String{IAPV22 = {Abstracts IAP V/22 Study Day}}
@String{IAPVI4 = {Abstracts IAP VI/4-DYSCO Study Day}}
@String{IAPVII19 = {Abstracts IAP VII/19-DYSCO Study Day}}

@String{ICA59 = {Proc. 3rd Int. Congr. Acoust. (ICA '59)}}
@String{ICA68 = {Proc. 6th Int. Congr. Acoust. (ICA '68)}}
@String{ICA95 = {Proc. 15th Int. Congr. Acoust. (ICA '95)}}

@String{ICASSP77 = {Proc. 1977 IEEE Int. Conf. Acoust., Speech, Signal Process. (ICASSP '77)}}
@String{ICASSP78 = {Proc. 1978 IEEE Int. Conf. Acoust., Speech, Signal Process. (ICASSP '78)}}
@String{ICASSP80 = {Proc. 1980 IEEE Int. Conf. Acoust., Speech, Signal Process. (ICASSP '80)}}
@String{ICASSP82 = {Proc. 1982 IEEE Int. Conf. Acoust., Speech, Signal Process. (ICASSP '82)}}
@String{ICASSP86 = {Proc. 1986 IEEE Int. Conf. Acoust., Speech, Signal Process. (ICASSP '86)}}
@String{ICASSP88 = {Proc. 1988 IEEE Int. Conf. Acoust., Speech, Signal Process. (ICASSP '88)}}
@String{ICASSP89 = {Proc. 1989 IEEE Int. Conf. Acoust., Speech, Signal Process. (ICASSP '89)}}
@String{ICASSP90 = {Proc. 1990 IEEE Int. Conf. Acoust., Speech, Signal Process. (ICASSP '90)}}
@String{ICASSP91 = {Proc. 1991 IEEE Int. Conf. Acoust., Speech, Signal Process. (ICASSP '91)}}
@String{ICASSP92 = {Proc. 1992 IEEE Int. Conf. Acoust., Speech, Signal Process. (ICASSP '92)}}
@String{ICASSP93 = {Proc. 1993 IEEE Int. Conf. Acoust., Speech, Signal Process. (ICASSP '93)}}
@String{ICASSP94 = {Proc. 1994 IEEE Int. Conf. Acoust., Speech, Signal Process. (ICASSP '94)}}
@String{ICASSP95 = {Proc. 1995 IEEE Int. Conf. Acoust., Speech, Signal Process. (ICASSP '95)}}
@String{ICASSP96 = {Proc. 1996 IEEE Int. Conf. Acoust., Speech, Signal Process. (ICASSP '96)}}
@String{ICASSP97 = {Proc. 1997 IEEE Int. Conf. Acoust., Speech, Signal Process. (ICASSP '97)}}
@String{ICASSP98 = {Proc. 1998 IEEE Int. Conf. Acoust., Speech, Signal Process. (ICASSP '98)}}
@String{ICASSP99 = {Proc. 1999 IEEE Int. Conf. Acoust., Speech, Signal Process. (ICASSP '99)}}
@String{ICASSP00 = {Proc. 2000 IEEE Int. Conf. Acoust., Speech, Signal Process. (ICASSP '00)}}
@String{ICASSP01 = {Proc. 2001 IEEE Int. Conf. Acoust., Speech, Signal Process. (ICASSP '01)}}
@String{ICASSP02 = {Proc. 2002 IEEE Int. Conf. Acoust., Speech, Signal Process. (ICASSP '02)}}
@String{ICASSP03 = {Proc. 2003 IEEE Int. Conf. Acoust., Speech, Signal Process. (ICASSP '03)}}
@String{ICASSP04 = {Proc. 2004 IEEE Int. Conf. Acoust., Speech, Signal Process. (ICASSP '04)}}
@String{ICASSP05 = {Proc. 2005 IEEE Int. Conf. Acoust., Speech, Signal Process. (ICASSP '05)}}
@String{ICASSP06 = {Proc. 2006 IEEE Int. Conf. Acoust., Speech, Signal Process. (ICASSP '06)}}
@String{ICASSP07 = {Proc. 2007 IEEE Int. Conf. Acoust., Speech, Signal Process. (ICASSP '07)}}
@String{ICASSP08 = {Proc. 2008 IEEE Int. Conf. Acoust., Speech, Signal Process. (ICASSP '08)}}
@String{ICASSP09 = {Proc. 2009 IEEE Int. Conf. Acoust., Speech, Signal Process. (ICASSP '09)}}
@String{ICASSP10 = {Proc. 2010 IEEE Int. Conf. Acoust., Speech, Signal Process. (ICASSP '10)}}
@String{ICASSP11 = {Proc. 2011 IEEE Int. Conf. Acoust., Speech, Signal Process. (ICASSP '11)}}
@String{ICASSP12 = {Proc. 2012 IEEE Int. Conf. Acoust., Speech, Signal Process. (ICASSP '12)}}
@String{ICASSP13 = {Proc. 2013 IEEE Int. Conf. Acoust., Speech, Signal Process. (ICASSP '13)}}
@String{ICASSP14 = {Proc. 2014 IEEE Int. Conf. Acoust., Speech, Signal Process. (ICASSP '14)}}
@String{ICASSP15 = {Proc. 2015 IEEE Int. Conf. Acoust., Speech, Signal Process. (ICASSP '15)}}
@String{ICASSP16 = {Proc. 2016 IEEE Int. Conf. Acoust., Speech, Signal Process. (ICASSP '16)}}
@String{ICASSP17 = {Proc. 2017 IEEE Int. Conf. Acoust., Speech, Signal Process. (ICASSP '17)}}
@String{ICASSP18 = {Proc. 2018 IEEE Int. Conf. Acoust., Speech, Signal Process. (ICASSP '18)}}
@String{ICASSP19 = {Proc. 2019 IEEE Int. Conf. Acoust., Speech, Signal Process. (ICASSP '19)}}
@String{ICASSP20 = {Proc. 2020 IEEE Int. Conf. Acoust., Speech, Signal Process. (ICASSP '20)}}
@String{ICASSP21 = {Proc. 2021 IEEE Int. Conf. Acoust., Speech, Signal Process. (ICASSP '21)}}
@String{ICASSP22 = {Proc. 2022 IEEE Int. Conf. Acoust., Speech, Signal Process. (ICASSP '22)}}


@String{ICC98 = {Conf. Rec. 1998 IEEE Int. Conf. Commun. (ICC '98)}}

@String{ICINCO06 = {Proc. 3rd Int. Conf. Informat. Control Autom. Robot. (ICINCO '06)}}

@String{ICMCMSC99 = {Proc. 12th Int. Conf. Mathematical Comput. Modelling Scientific Comput. (ICMCMSC '99)}}

@String{ICMLC02 = {Proc. 2002 Int. Conf. Machine Learning Cybern. (ICMLC '02)}}
@String{ICMLC03 = {Proc. 2003 Int. Conf. Machine Learning Cybern. (ICMLC '03)}}

@String{ICML12 = {Proc. 29th Int. Conf. Machine Learning (ICML '12)}}

@String{MLSP19 = {Proc. 2019 Int. Workshop Mach. Learning Signal Process. (MLSP '19)}}

@String{ICNNSP03 = {Proc. 2003 IEEE Int. Conf. Neural Networks and Signal Process. (ICNNSP '03)}}

@String{ICSP93 = {Proc. Int. Conf. Signal Process. (ICSP '93)}}
@String{ICSP02 = {Proc. 6th Int. Conf. Signal Process. (ICSP '02)}}
@String{ICSP04 = {Proc. 7th Int. Conf. Signal Process. (ICSP '04)}}

@String{ICWCNMC05 = {Proc. 2005 Int. Conf. Wireless Commun. Networking Mobile Computing (WCNM '05)}}

@String{IEECAF = {Proc. IEE Colloq. Adaptive Filters}}

@String{IFACSISPE85 = {Proc. 7th IFAC Symp. Identification System Parameter Estimation}}

@String{IHCON14 = {Abstracts 2014 Int. Hearing Aid Research Conf. (IHCON '14)}}

@String{IJCNN97 = {Proc. 1997 Int. Joint Conf. Neural Networks (IJCNN '97)}}

@String{INTERSPEECH05 = {Proc. Interspeech '05}}
@String{INTERSPEECH06 = {Proc. Interspeech '06}}
@String{INTERSPEECH07 = {Proc. Interspeech '07}}
@String{INTERSPEECH19 = {Proc. Interspeech '19}}


@String{ISCAS94 = {Proc. 1994 IEEE Int. Symp. Circuits Syst. (ISCAS '94)}}
@String{ISCAS01 = {Proc. 2001 IEEE Int. Symp. Circuits Syst. (ISCAS '01)}}
@String{ISCAS03 = {Proc. 2003 IEEE Int. Symp. Circuits Syst. (ISCAS '03)}}

@String{ISPA09 = {Proc. 6th Int. Symp. Image Signal Process. Anal. (ISPA '09)}}

@String{ISSPA99 = {Proc. 5th Int. Symp. Signal Process. Appl. (ISSPA '99)}}

@String{ISWCS10 = {Proc. 7th Int. Symp. Wireless Commun. Syst. (ISWCS '10)}}

@String{IWAENC99 = {Proc. 1999 Int. Workshop Acoustic Echo Noise Control (IWAENC '99)}}
@String{IWAENC01 = {Proc. 2001 Int. Workshop Acoustic Echo Noise Control (IWAENC '01)}}
@String{IWAENC03 = {Proc. 2003 Int. Workshop Acoustic Echo Noise Control (IWAENC '03)}}
@String{IWAENC05 = {Proc. 2005 Int. Workshop Acoustic Echo Noise Control (IWAENC '05)}}
@String{IWAENC06 = {Proc. 2006 Int. Workshop Acoustic Echo Noise Control (IWAENC '06)}}
@String{IWAENC08 = {Proc. 2008 Int. Workshop Acoustic Echo Noise Control (IWAENC '08)}}
@String{IWAENC10 = {Proc. 2010 Int. Workshop Acoustic Echo Noise Control (IWAENC '10)}}
@String{IWAENC12 = {Proc. 2012 Int. Workshop Acoustic Signal Enhancement (IWAENC '12)}}
@String{IWAENC14 = {Proc. 2014 Int. Workshop Acoustic Signal Enhancement (IWAENC '14)}}
@String{IWAENC16 = {Proc. 2016 Int. Workshop Acoustic Signal Enhancement (IWAENC '16)}}
@String{IWAENC18 = {Proc. 2018 Int. Workshop Acoustic Signal Enhancement (IWAENC '18)}}
@String{IWAENC22 = {Proc. 2022 Int. Workshop Acoustic Signal Enhancement (IWAENC '22)}}

@String{IWSP99 = {Proc. 1999 IEEE Workshop Speech Coding}}

@String{NORSIG96 = {Proc. IEEE Nordic Signal Proc. Symp. (NORSIG '96)}}

@String{OPTEC10 = {Abstracts OPTEC Workshop on Large Scale Convex Quadratic Programming}}

@String{REVERB14 = {Proc. 2014 REVERB Workshop}}
@String{REVERB14_abstracts = {Abstracts 2014 REVERB Workshop}}

@String{SPS98 = {Proc. 1st IEEE Benelux Signal Process. Symp. (SPS '98)}}
@String{SPS00 = {Proc. 2nd IEEE Benelux Signal Process. Symp. (SPS '00)}}
@String{SPS02 = {Proc. 3rd IEEE Benelux Signal Process. Symp. (SPS '02)}}
@String{SPS04 = {Proc. 4th IEEE Benelux Signal Process. Symp. (SPS '04)}}
@String{SPS05 = {Proc. 1st Annual IEEE Benelux/DSP Valley Signal Process. Symp. (SPS-DARTS '05)}}
@String{SPS06 = {Proc. 2nd Annual IEEE Benelux/DSP Valley Signal Process. Symp. (SPS-DARTS '06)}}

@String{SYSID00 = {Preprints 12th IFAC Symp. System Identification (SYSID '00)}}
@String{SYSID12 = {Preprints 16th IFAC Symp. System Identification (SYSID '12)}}

@String{VTC01Fall = {Proc. IEEE VTS 54th Veh. Technol. Conf. (VTC '01 Fall)}}

@String{WASPAA97 = {Proc. 1997 IEEE Workshop Appls. Signal Process. Audio Acoust. (WASPAA '97)}}
@String{WASPAA99 = {Proc. 1999 IEEE Workshop Appls. Signal Process. Audio Acoust. (WASPAA '99)}}
@String{WASPAA09 = {Proc. 2009 IEEE Workshop Appls. Signal Process. Audio Acoust. (WASPAA '09)}}
@String{WASPAA13 = {Proc. 2013 IEEE Workshop Appls. Signal Process. Audio Acoust. (WASPAA '13)}}
@String{WASPAA15 = {Proc. 2015 IEEE Workshop Appls. Signal Process. Audio Acoust. (WASPAA '15)}}
@String{WASPAA19 = {Proc. 2015 IEEE Workshop Appls. Signal Process. Audio Acoust. (WASPAA '19)}}

@String{WCCICCT00 = {Proc. 2000 Int. Conf. Commun. Technol. (WCC-ICCT '00)}}

@String{WICSP11 = {Proc. 2011 WIC/IEEE SP Symp. Inf. Theory Signal Process. Benelux  (WICSP '11)}}

@String{WNSIP05 = {Proc. 2005 IEEE-EURASIP Workshop Nonlinear Signal Image Process.}}

@String{WSSAP00 = {Proc. 10th IEEE Workshop Statistical Signal Array Process.}}

@String{SCVT11 = {Proc. 18th IEEE Symp. Commun. Vehicular Technol. Benelux (SCVT '11)}}

