
@article{5483092,
  author  = {Bertrand, Alexander and Moonen, Marc},
  journal = TransSP,
  title   = {Distributed Adaptive Node-Specific Signal Estimation in Fully Connected Sensor Networks—Part II: Simultaneous and Asynchronous Node Updating},
  year    = {2010},
  volume  = {58},
  number  = {10},
  pages   = {5292-5306},
  doi     = {10.1109/TSP.2010.2052613}
}

@inproceedings{6309434,
  author    = {Heusdens, Richard and Zhang, Guoqiang and Hendriks, Richard C. and Zeng, Yuan and Kleijn, W. Bastiaan},
  booktitle = IWAENC12,
  title     = {Distributed MVDR Beamforming for (Wireless) Microphone Networks Using Message Passing},
  year      = {2012},
  volume    = {},
  number    = {},
  pages     = {1-4},
  doi       = {}
}

@article{6329934,
  author  = {Markovich-Golan, Shmulik and Gannot, Sharon and Cohen, Israel},
  journal = TransASLP,
  title   = {Distributed Multiple Constraints Generalized Sidelobe Canceler for Fully Connected Wireless Acoustic Sensor Networks},
  year    = {2013},
  volume  = {21},
  number  = {2},
  pages   = {343-356},
  doi     = {10.1109/TASL.2012.2224454}
}

@article{6663655,
  author  = {Zeng, Yuan and Hendriks, Richard C.},
  journal = TransASLP_ACM,
  title   = {Distributed Delay and Sum Beamformer for Speech Enhancement via Randomized Gossip},
  year    = {2014},
  volume  = {22},
  number  = {1},
  pages   = {260-273},
  doi     = {10.1109/TASLP.2013.2290861}
}

@article{9670697,
  author  = {Ruiz, Santiago and van Waterschoot, Toon and Moonen, Marc},
  journal = TransASLP_ACM,
  title   = {Distributed Combined Acoustic Echo Cancellation and Noise Reduction in Wireless Acoustic Sensor and Actuator Networks},
  year    = {2022},
  volume  = {30},
  number  = {},
  pages   = {534-547},
  doi     = {10.1109/TASLP.2022.3140548}
}

@inproceedings{9914798,
  author    = {Çakmak, Bilgesu and Dietzen, Thomas and Ali, Randall and Naylor, Patrick and Waterschoot, Toon van},
  booktitle = IWAENC22,
  title     = {A Distributed Steered Response Power Approach to Source Localization in Wireless Acoustic Sensor Networks},
  year      = {2022},
  volume    = {},
  number    = {},
  pages     = {1-5},
  doi       = {10.1109/IWAENC53105.2022.9914798}
}

@article{langtongBlindIdentificationEqualization1994,
  title      = {Blind Identification and Equalization Based on Second-Order Statistics: A Time Domain Approach},
  shorttitle = {Blind Identification and Equalization Based on Second-Order Statistics},
  author     = {{Lang Tong} and {Guanghan Xu} and Kailath, T.},
  year       = {1994},
  month      = mar,
  journal    = TransIT,
  volume     = {40},
  number     = {2},
  pages      = {340--349},
  issn       = {00189448},
  doi        = {10.1109/18.312157},
  langid     = {english},
  keywords   = {FOAM,PRIORITY}
}

@inproceedings{bertrandApplicationsTrendsWireless2011b,
  title      = {Applications and Trends in Wireless Acoustic Sensor Networks: {{A}} Signal Processing Perspective},
  shorttitle = {Applications and Trends in Wireless Acoustic Sensor Networks},
  booktitle  = SCVT11,
  author     = {Bertrand, Alexander},
  year       = {2011},
  month      = nov,
  pages      = {1--6},
  issn       = {2373-0854},
  doi        = {10.1109/SCVT.2011.6101302},
  keywords   = {Algorithm design and analysis,Microphone arrays,Signal processing algorithms,Synchronization,Topology,Wireless communication}
}

@inproceedings{blochbergerDBSI,
  author    = {Blochberger, Matthias and Elvander, Filip and Ali, Randall and Moonen, Marc and van Waterschoot, Toon and Østergaard, Jan and Jensen, Jesper},
  booktitle = IWAENC22,
  title     = {Distributed Cross-Relation-Based Frequency-Domain Blind System Identification Using {{Online-ADMM}}},
  year      = {2022},
  volume    = {},
  number    = {},
  pages     = {1-5},
  doi       = {10.1109/IWAENC53105.2022.9914714}
}

@article{boydDistributedOptimizationStatistical2011,
  title    = {Distributed {{Optimization}} and {{Statistical Learning}} via the {{Alternating Direction Method}} of {{Multipliers}}},
  author   = {Boyd, Stephen and Parikh, Neal and Chu, Eric and Eckstein, Jonathan},
  year     = {2011},
  journal  = FnTML,
  volume   = {3},
  number   = {1},
  pages    = {1--122},
  langid   = {english},
  keywords = {FOAM,PRIORITY}
}

@inproceedings{hosseiniOnlineDistributedADMM2014,
  title     = {Online Distributed {{ADMM}} via Dual Averaging},
  booktitle = CDC14,
  author    = {Hosseini, Saghar and Chapman, Airlie and Mesbahi, Mehran},
  year      = {2014},
  month     = dec,
  pages     = {904--909},
  issn      = {0191-2216},
  doi       = {10.1109/CDC.2014.7039496},
  keywords  = {ADMM,Algorithm design and analysis,alternating direction method of multipliers,Convergence,convergence analysis,convex cost functions,Convex functions,convex optimization problems,convex programming,Cost function,distributed algorithms,Distributed Algorithms,Dual-averaging,formation acquisition problem,Formation Algorithm,global objective function,linear constraints,Linear programming,network theory (graphs),network topology,online distributed ADMM algorithm,Online Optimization,PRIORITY,regret metric,Vectors}
}
@article{huangAdaptiveMultichannelLeast2002,
  title   = {Adaptive Multi-Channel Least Mean Square and {{Newton}} Algorithms for Blind Channel Identification},
  author  = {Huang, Yiteng Arden and Benesty, Jacob},
  year    = {2002},
  journal = SP,
  pages   = {12},
  langid  = {english}
}

@article{huangClassFrequencydomainAdaptive2003,
  title    = {A Class of Frequency-Domain Adaptive Approaches to Blind Multichannel Identification},
  author   = {Huang, Yiteng and Benesty, J.},
  year     = {2003},
  month    = jan,
  journal  = TransSP,
  volume   = {51},
  number   = {1},
  pages    = {11--24},
  issn     = {1941-0476},
  doi      = {10.1109/TSP.2002.806559},
  keywords = {Acceleration,Chromium,Convergence,Convolution,Delay estimation,Fast Fourier transforms,Filters,Frequency domain analysis,Least squares approximation,Time domain analysis}
}

@inproceedings{liuDistributedBlindIdentification2016,
  title     = {Distributed Blind Identification of Sparse Channels in Sensor Networks},
  booktitle = CCC16,
  author    = {Liu, Ying and Liu, Hao and Li, Chunguang},
  year      = {2016},
  month     = jul,
  pages     = {5122--5127},
  issn      = {1934-1768},
  doi       = {10.1109/ChiCC.2016.7554150},
  keywords  = {Blind channel identification,Channel estimation,Convergence,Cost function,distributed estimation,Distributed processing,Estimation,Noise measurement,sensor networks,sparse,Sparse matrices,subchannel matching}
}

@article{MARKOVICHGOLAN20154,
  title    = {Optimal Distributed Minimum-Variance Beamforming Approaches for Speech Enhancement in Wireless Acoustic Sensor Networks},
  author   = {{Markovich-Golan}, Shmulik and Bertrand, Alexander and Moonen, Marc and Gannot, Sharon},
  year     = {2015},
  journal  = SP,
  volume   = {107},
  pages    = {4--20},
  issn     = {0165-1684},
  doi      = {10.1016/j.sigpro.2014.07.014},
  keywords = {Distributed speech enhancement,Minimum variance beamforming,Wireless acoustic sensor networks}
}

@article{wangOnlineAlternatingDirection2013,
  title         = {Online {{Alternating Direction Method}} (Longer Version)},
  author        = {Wang, Huahua and Banerjee, Arindam},
  year          = {2012},
  month         = jul,
  journal       = ICML12,
  eprint        = {1306.3721},
  eprinttype    = {arxiv},
  primaryclass  = {cs, math},
  archiveprefix = {arXiv},
  langid        = {english},
  keywords      = {Computer Science - Machine Learning,Mathematics - Optimization and Control,PRIORITY}
}

@article{xiaoFastLinearIterations2004,
  title    = {Fast Linear Iterations for Distributed Averaging},
  author   = {Xiao, Lin and Boyd, Stephen},
  year     = {2004},
  month    = sep,
  journal  = SCL,
  volume   = {53},
  number   = {1},
  pages    = {65--78},
  issn     = {0167-6911},
  doi      = {10.1016/j.sysconle.2004.02.022},
  langid   = {english},
  keywords = {Distributed consensus,Graph Laplacian,Linear system,Semidefinite programming,Spectral radius}
}

@inproceedings{yuDistributedBlindSystem2014,
  title     = {Distributed Blind System Identification in Sensor Networks},
  booktitle = ICASSP14,
  author    = {Yu, Chengpu and Xie, Lihua and Soh, Yeng Chai},
  year      = {2014},
  month     = may,
  pages     = {5065--5069},
  issn      = {2379-190X},
  doi       = {10.1109/ICASSP.2014.6854567},
  keywords  = {Blind identification,Channel estimation,consensus based gradient method,Eigenvalues and eigenfunctions,Equations,multi-agent system,Noise,Noise measurement,Signal processing algorithms,Topology}
}

@inproceedings{6334305,
  author    = {van Waterschoot, Toon and Moonen, Marc},
  booktitle = EUSIPCO12,
  title     = {Distributed estimation and equalization of room acoustics in a wireless acoustic sensor network},
  year      = {2012},
  volume    = {},
  number    = {},
  pages     = {2709-2713},
  doi       = {}
}
